@article{abraham2000parameter,
  title={Parameter estimation strategies for large-scale urban models},
  author={Abraham, John and Hunt, John},
  journal={Transportation Research Record: Journal of the Transportation Research Board},
  number={1722},
  pages={9--16},
  year={2000},
  publisher={Transportation Research Board of the National Academies}
}
@article{adankon2009model,
  title={Model selection for the LS-SVM. Application to handwriting recognition},
  author={Adankon, Mathias M and Cheriet, Mohamed},
  journal={Pattern Recognition},
  volume={42},
  number={12},
  pages={3264--3270},
  year={2009},
  publisher={Elsevier}
}
@article{ahmed2012bayesian,
  title={Bayesian updating approach for real-time safety evaluation with automatic vehicle identification data},
  author={Ahmed, Mohamed and Abdel-Aty, Mohamed and Yu, Rongjie},
  journal={Transportation Research Record: Journal of the Transportation Research Board},
  number={2280},
  pages={60--67},
  year={2012},
  publisher={Transportation Research Board of the National Academies}
}
@inproceedings{ali2014active,
  title={Active Learning with Model Selection.},
  author={Ali, Alnur and Caruana, Rich and Kapoor, Ashish},
  booktitle={AAAI},
  pages={1673--1679},
  year={2014}
}
@article{athanasopoulos2011tourism,
  title={The tourism forecasting competition},
  author={Athanasopoulos, George and Hyndman, Rob J and Song, Haiyan and Wu, Doris C},
  journal={International Journal of Forecasting},
  volume={27},
  number={3},
  pages={822--844},
  year={2011},
  publisher={Elsevier}
}
@inproceedings{bardenet2013collaborative,
  title={Collaborative hyperparameter tuning.},
  author={Bardenet, R{\'e}mi and Brendel, M{\'a}ty{\'a}s and K{\'e}gl, Bal{\'a}zs and Sebag, Michele},
  booktitle={ICML (2)},
  pages={199--207},
  year={2013}
}
@article{bengio2000gradient,
  title={Gradient-based optimization of hyperparameters},
  author={Bengio, Yoshua},
  journal={Neural computation},
  volume={12},
  number={8},
  pages={1889--1900},
  year={2000},
  publisher={MIT Press}
}
@inproceedings{bergstra2011algorithms,
  title={Algorithms for hyper-parameter optimization},
  author={Bergstra, James S and Bardenet, R{\'e}mi and Bengio, Yoshua and K{\'e}gl, Bal{\'a}zs},
  booktitle={Advances in Neural Information Processing Systems},
  pages={2546--2554},
  year={2011}
}
@article{bergstra2013making,
  title={Making a Science of Model Search: Hyperparameter Optimization in Hundreds of Dimensions for Vision Architectures.},
  author={Bergstra, James and Yamins, Daniel and Cox, David D},
  journal={ICML (1)},
  volume={28},
  pages={115--123},
  year={2013}
}
@article{bergstra2012random,
  title={Random search for hyper-parameter optimization},
  author={Bergstra, James and Bengio, Yoshua},
  journal={Journal of Machine Learning Research},
  volume={13},
  number={Feb},
  pages={281--305},
  year={2012}
}
@article{brazdil2003ranking,
  title={Ranking learning algorithms: Using IBL and meta-learning on accuracy and time results},
  author={Brazdil, Pavel B and Soares, Carlos and Da Costa, Joaquim Pinto},
  journal={Machine Learning},
  volume={50},
  number={3},
  pages={251--277},
  year={2003},
  publisher={Springer}
}
@book{castiglione2015activity,
  title={Activity-Based Travel Demand Models: A Primer},
  author={Castiglione, Joe and Bradley, Mark and Gliebe, John},
  number={SHRP 2 Report S2-C46-RR-1},
  year={2015}
}
@inproceedings{domhan2015speeding,
  title={Speeding up automatic hyperparameter optimization of deep neural networks by extrapolation of learning curves},
  author={Domhan, Tobias and Springenberg, Jost Tobias and Hutter, Frank},
  booktitle={Proceedings of the 24th International Joint Conference on Artificial Intelligence (IJCAI)},
  year={2015}
}
@inproceedings{feurer2015efficient,
  title={Efficient and robust automated machine learning},
  author={Feurer, Matthias and Klein, Aaron and Eggensperger, Katharina and Springenberg, Jost and Blum, Manuel and Hutter, Frank},
  booktitle={Advances in Neural Information Processing Systems},
  pages={2962--2970},
  year={2015}
}
@inproceedings{feurer2015initializing,
  title={Initializing Bayesian Hyperparameter Optimization via Meta-Learning.},
  author={Feurer, Matthias and Springenberg, Jost Tobias and Hutter, Frank},
  booktitle={AAAI},
  pages={1128--1135},
  year={2015}
}
@book{gelman2014bayesian,
  title={Bayesian data analysis},
  author={Gelman, Andrew and Carlin, John B and Stern, Hal S and Rubin, Donald B},
  volume={2},
  year={2014},
  publisher={Chapman \& Hall/CRC Boca Raton, FL, USA}
}
@article{ghahramani2013bayesian,
  title={Bayesian non-parametrics and the probabilistic approach to modelling},
  author={Ghahramani, Zoubin},
  journal={Phil. Trans. R. Soc. A},
  volume={371},
  number={1984},
  pages={20110553},
  year={2013},
  publisher={The Royal Society}
}
@article{ghahramani2015probabilistic,
  title={Probabilistic machine learning and artificial intelligence},
  author={Ghahramani, Zoubin},
  journal={Nature},
  volume={521},
  number={7553},
  pages={452--459},
  year={2015},
  publisher={Nature Publishing Group}
}
@article{guo2008novel,
  title={A novel LS-SVMs hyper-parameter selection based on particle swarm optimization},
  author={Guo, XC and Yang, JH and Wu, CG and Wang, CY and Liang, YC},
  journal={Neurocomputing},
  volume={71},
  number={16},
  pages={3211--3215},
  year={2008},
  publisher={Elsevier}
}
@article{habibi2016prediction,
  title={Prediction-driven approaches to discrete choicemodels with application to forecasting car typedemand},
  author={Habibi, Shiva},
  year={2016},
  publisher={KTH Royal Institute of Technology}
}
@inproceedings{hoffman2014correlation,
  title={On correlation and budget constraints in model-based bandit optimization with application to automatic machine learning.},
  author={Hoffman, Matthew D and Shahriari, Bobak and de Freitas, Nando},
  booktitle={AISTATS},
  pages={365--374},
  year={2014}
}
@article{hollander2010multiple,
  title={Multiple Objectives in Travel Demand Modeling},
  author={Hollander, Yaron},
  journal={Transportation Research Record: Journal of the Transportation Research Board},
  number={2175},
  pages={120--129},
  year={2010},
  publisher={Transportation Research Board of the National Academies}
}
@article{hoos2014efficient,
  title={An efficient approach for assessing hyperparameter importance},
  author={Hoos, Holger and CA, UBC and Leyton-Brown, Kevin},
  year={2014}
}
@article{hutter2009paramils,
  title={ParamILS: an automatic algorithm configuration framework},
  author={Hutter, Frank and Hoos, Holger H and Leyton-Brown, Kevin and St{\"u}tzle, Thomas},
  journal={Journal of Artificial Intelligence Research},
  volume={36},
  number={1},
  pages={267--306},
  year={2009}
}
@inproceedings{hutter2011sequential,
  title={Sequential model-based optimization for general algorithm configuration},
  author={Hutter, Frank and Hoos, Holger H and Leyton-Brown, Kevin},
  booktitle={International Conference on Learning and Intelligent Optimization},
  pages={507--523},
  year={2011},
  organization={Springer}
}
@article{hyndman2008automatic,
  title={Automatic Time Series Forecasting: The Forecast Package for R 7. 2008},
  author={Hyndman, RJ and Khandakar, Y},
  journal={URL: https://www. jstatsoft. org/article/view/v027i03 [accessed 2016-02-24][WebCite Cache]},
  year={2007}
}
@article{kim2005calibration,
  title={Calibration of microsimulation models using nonparametric statistical techniques},
  author={Kim, Seung-Jun and Kim, Wonho and Rilett, L},
  journal={Transportation Research Record: Journal of the Transportation Research Board},
  number={1935},
  pages={111--119},
  year={2005},
  publisher={Transportation Research Board of the National Academies}
}
@inproceedings{komer2014hyperopt,
  title={Hyperopt-sklearn: automatic hyperparameter configuration for scikit-learn},
  author={Komer, Brent and Bergstra, James and Eliasmith, Chris},
  booktitle={ICML workshop on AutoML},
  year={2014}
}
@inproceedings{liu2011feasibility,
  title={Feasibility study for automatic calibration of transportation simulation models},
  author={Liu, Hong and Yu, Qian and Ding, Wei and Ni, Daiheng and Wang, Honggang and Shannon, Stephen},
  booktitle={Proceedings of the 44th Annual Simulation Symposium},
  pages={87--94},
  year={2011},
  organization={Society for Computer Simulation International}
}
@article{luo2016review,
  title={A review of automatic selection methods for machine learning algorithms and hyper-parameter values},
  author={Luo, Gang},
  journal={Network Modeling Analysis in Health Informatics and Bioinformatics},
  volume={5},
  number={1},
  pages={1--16},
  year={2016},
  publisher={Springer}
}
@article{lacoste2014sequential,
  title={Sequential model-based ensemble optimization},
  author={Lacoste, Alexandre and Larochelle, Hugo and Laviolette, Fran{\c{c}}ois and Marchand, Mario},
  journal={arXiv preprint arXiv:1402.0796},
  year={2014}
}
@inproceedings{leite2005predicting,
  title={Predicting relative performance of classifiers from samples},
  author={Leite, Rui and Brazdil, Pavel},
  booktitle={Proceedings of the 22nd international conference on Machine learning},
  pages={497--503},
  year={2005},
  organization={ACM}
}
@inproceedings{leite2010active,
  title={Active Testing Strategy to Predict the Best Classification Algorithm via Sampling and Metalearning.},
  author={Leite, Rui and Brazdil, Pavel},
  booktitle={ECAI},
  pages={309--314},
  year={2010}
}
@inproceedings{leite2012selecting,
  title={Selecting classification algorithms with active testing},
  author={Leite, Rui and Brazdil, Pavel and Vanschoren, Joaquin},
  booktitle={International Workshop on Machine Learning and Data Mining in Pattern Recognition},
  pages={117--131},
  year={2012},
  organization={Springer}
}
@article{lloyd2014automatic,
  title={Automatic construction and natural-language description of nonparametric regression models},
  author={Lloyd, James Robert and Duvenaud, David and Grosse, Roger and Tenenbaum, Joshua B and Ghahramani, Zoubin},
  journal={arXiv preprint arXiv:1402.4304},
  year={2014}
}
@incollection{orbanz2011bayesian,
  title={Bayesian nonparametric models},
  author={Orbanz, Peter and Teh, Yee Whye},
  booktitle={Encyclopedia of Machine Learning},
  pages={81--89},
  year={2011},
  publisher={Springer}
}
@inproceedings{pfahringer2000tell,
  title={Tell me who can learn you and i can tell you who you are: Landmarking various learning algorithms},
  author={Pfahringer, Bernhard and Bensusan, Hilan and Giraud-Carrier, Christophe},
  booktitle={Proceedings of the 17th international conference on machine learning},
  pages={743--750},
  year={2000}
}
@inproceedings{pfahringer2000tell,
  title={Tell me who can learn you and i can tell you who you are: Landmarking various learning algorithms},
  author={Pfahringer, Bernhard and Bensusan, Hilan and Giraud-Carrier, Christophe},
  booktitle={Proceedings of the 17th international conference on machine learning},
  pages={743--750},
  year={2000}
}
@article{sabharwal2015selecting,
  title={Selecting near-optimal learners via incremental data allocation},
  author={Sabharwal, Ashish and Samulowitz, Horst and Tesauro, Gerald},
  journal={arXiv preprint arXiv:1601.00024},
  year={2015}
}
@article{shahriari2016taking,
  title={Taking the human out of the loop: A review of bayesian optimization},
  author={Shahriari, Bobak and Swersky, Kevin and Wang, Ziyu and Adams, Ryan P and de Freitas, Nando},
  journal={Proceedings of the IEEE},
  volume={104},
  number={1},
  pages={148--175},
  year={2016},
  publisher={IEEE}
}
@inproceedings{schneider2016bayesian,
  title={Bayesian Optimization and Embedded Learning Systems},
  author={Schneider, Jeff},
  booktitle={Proceedings of the 22nd ACM SIGKDD International Conference on Knowledge Discovery and Data Mining},
  pages={413--413},
  year={2016},
  organization={ACM}
}
@phdthesis{snoek2013bayesian,
  title={Bayesian Optimization and Semiparametric Models with Applications to Assistive Technology},
  author={Snoek, Jasper},
  year={2013},
  school={Citeseer}
}
@inproceedings{snoek2012practical,
  title={Practical bayesian optimization of machine learning algorithms},
  author={Snoek, Jasper and Larochelle, Hugo and Adams, Ryan P},
  booktitle={Advances in neural information processing systems},
  pages={2951--2959},
  year={2012}
}
@inproceedings{soares2001sampling,
  title={Sampling-based relative landmarks: Systematically test-driving algorithms before choosing},
  author={Soares, Carlos and Petrak, Johann and Brazdil, Pavel},
  booktitle={Portuguese Conference on Artificial Intelligence},
  pages={88--95},
  year={2001},
  organization={Springer}
}
@inproceedings{sparks2015automating,
  title={Automating model search for large scale machine learning},
  author={Sparks, Evan R and Talwalkar, Ameet and Haas, Daniel and Franklin, Michael J and Jordan, Michael I and Kraska, Tim},
  booktitle={Proceedings of the Sixth ACM Symposium on Cloud Computing},
  pages={368--380},
  year={2015},
  organization={ACM}
}
@inproceedings{swersky2013multi,
  title={Multi-task bayesian optimization},
  author={Swersky, Kevin and Snoek, Jasper and Adams, Ryan P},
  booktitle={Advances in neural information processing systems},
  pages={2004--2012},
  year={2013}
}
@article{swersky2014freeze,
  title={Freeze-thaw Bayesian optimization},
  author={Swersky, Kevin and Snoek, Jasper and Adams, Ryan Prescott},
  journal={arXiv preprint arXiv:1406.3896},
  year={2014}
}
@inproceedings{thornton2013auto,
  title={Auto-WEKA: Combined selection and hyperparameter optimization of classification algorithms},
  author={Thornton, Chris and Hutter, Frank and Hoos, Holger H and Leyton-Brown, Kevin},
  booktitle={Proceedings of the 19th ACM SIGKDD international conference on Knowledge discovery and data mining},
  pages={847--855},
  year={2013},
  organization={ACM}
}
@article{tulic2014link,
  title={Link and route travel time prediction including the corresponding reliability in an urban network based on taxi floating car data},
  author={Tulic, Mirsad and Bauer, Dietmar and Scherrer, Wolfgang},
  journal={Transportation Research Record: Journal of the Transportation Research Board},
  number={2442},
  pages={140--149},
  year={2014},
  publisher={Transportation Research Board of the National Academies}
}
@article{ulmasov2015bayesian,
  title={Bayesian optimization with dimension scheduling: Application to biological systems},
  author={Ulmasov, Doniyor and Baroukh, Caroline and Chachuat, Benoit and Deisenroth, Marc Peter and Misener, Ruth},
  journal={arXiv preprint arXiv:1511.05385},
  year={2015}
}
@inproceedings{van2015fast,
  title={Fast algorithm selection using learning curves},
  author={van Rijn, Jan N and Abdulrahman, Salisu Mamman and Brazdil, Pavel and Vanschoren, Joaquin},
  booktitle={International Symposium on Intelligent Data Analysis},
  pages={298--309},
  year={2015},
  organization={Springer}
}
@article{washington1997hierarchical,
  title={Hierarchical tree-based versus ordinary least squares linear regression models: theory and example applied to trip generation},
  author={Washington, Simon and Wolf, Jean},
  journal={Transportation Research Record: Journal of the Transportation Research Board},
  number={1581},
  pages={82--88},
  year={1997},
  publisher={Transportation Research Board of the National Academies}
}
@inproceedings{wang2015efficient,
  title={Efficient hyper-parameter optimization for NLP applications},
  author={Wang, Lidan and Feng, Minwei and Zhou, Bowen and Xiang, Bing and Mahadevan, Sridhar},
  booktitle={Proceedings of EMNLP},
  volume={15},
  pages={2112--2117},
  year={2015}
}
@inproceedings{wang2016optimization,
  title={Optimization as estimation with gaussian processes in bandit settings},
  author={Wang, Zi and Zhou, Bolei and Jegelka, Stefanie},
  booktitle={Proceedings of the 19th International Conference on Artificial Intelligence and Statistics},
  pages={1022--1031},
  year={2016}
}
@book{white2012bandit,
  title={Bandit algorithms for website optimization},
  author={White, John},
  year={2012},
  publisher={" O'Reilly Media, Inc."}
}
@article{williams2006gaussian,
  title={Gaussian processes for machine learning},
  author={Williams, Christopher KI and Rasmussen, Carl Edward},
  journal={the MIT Press},
  volume={2},
  number={3},
  pages={4},
  year={2006}
}
@inproceedings{wistuba2015hyperparameter,
  title={Hyperparameter search space pruning--a new component for sequential model-based hyperparameter optimization},
  author={Wistuba, Martin and Schilling, Nicolas and Schmidt-Thieme, Lars},
  booktitle={Joint European Conference on Machine Learning and Knowledge Discovery in Databases},
  pages={104--119},
  year={2015},
  organization={Springer}
}
@inproceedings{wistuba2015learning,
  title={Learning hyperparameter optimization initializations},
  author={Wistuba, Martin and Schilling, Nicolas and Schmidt-Thieme, Lars},
  booktitle={Data Science and Advanced Analytics (DSAA), 2015. 36678 2015. IEEE International Conference on},
  pages={1--10},
  year={2015},
  organization={IEEE}
}
@article{yogatama2014efficient,
  title={Efficient transfer learning method for automatic hyperparameter tuning},
  author={Yogatama, Dani and Mann, Gideon},
  journal={Transfer},
  volume={1},
  pages={1},
  year={2014}
}
@article{yogatama2015bayesian,
  title={Bayesian optimization of text representations},
  author={Yogatama, Dani and Smith, Noah A},
  journal={arXiv preprint arXiv:1503.00693},
  year={2015}
}
@article{mockus1978toward,
  title={Toward Global Optimization, volume 2, chapter Bayesian Methods for Seeking the Extremum},
  author={Mockus, J and Tiesis, V and Zilinskas, A},
  year={1978}
}
@article{emaasit2016nonparametric,
  title={Non-parametric Bayesian Learning of Travel Demand Models},
  author={Emaasit, Daniel and Paz, Alexander},
  journal={Transportation Research Part B},
  number={},
  pages={},
  year={2016},
  publisher={Under Review}
}
@article{brochu2010tutorial,
  title={A tutorial on Bayesian optimization of expensive cost functions, with application to active user modeling and hierarchical reinforcement learning},
  author={Brochu, Eric and Cora, Vlad M and De Freitas, Nando},
  journal={arXiv preprint arXiv:1012.2599},
  year={2010}
}
@misc{tsdc2016,
journal = {National Renewable Energy Laboratory},
title = {Transportation Secure Data Center},
howpublished = {\url{http://www.nrel.gov/transportation/secure_transportation_data.html}},
month = {},
year = {2016},
note = {(Accessed on 10/26/2016)}
}
@incollection{neal1996priors,
  title={Priors for infinite networks},
  author={Neal, Radford M},
  booktitle={Bayesian Learning for Neural Networks},
  pages={29--53},
  year={1996},
  publisher={Springer}
}
@article{lu2014surpassing,
  title={Surpassing human-level face verification performance on LFW with GaussianFace},
  author={Lu, Chaochao and Tang, Xiaoou},
  journal={arXiv preprint arXiv:1404.3840},
  year={2014}
}
@article{lloyd2014automatic,
  title={Automatic construction and natural-language description of nonparametric regression models},
  author={Lloyd, James Robert and Duvenaud, David and Grosse, Roger and Tenenbaum, Joshua B and Ghahramani, Zoubin},
  journal={arXiv preprint arXiv:1402.4304},
  year={2014}
}
@inproceedings{sutskever2014sequence,
  title={Sequence to sequence learning with neural networks},
  author={Sutskever, Ilya and Vinyals, Oriol and Le, Quoc V},
  booktitle={Advances in neural information processing systems},
  pages={3104--3112},
  year={2014}
}
@book{murphy2012machine,
  title={Machine learning: a probabilistic perspective},
  author={Murphy, Kevin P},
  year={2012},
  publisher={MIT press}
}
@article{carpenter2016stan,
  title={Stan: A probabilistic programming language},
  author={Carpenter, Bob and Gelman, Andrew and Hoffman, Matt and Lee, Daniel and Goodrich, Ben and Betancourt, Michael and Brubaker, Michael A and Guo, Jiqiang and Li, Peter and Riddell, Allen},
  journal={J Stat Softw},
  year={2016}
}
@article{vehtari2015efficient,
  title={Efficient implementation of leave-one-out cross-validation and WAIC for evaluating fitted Bayesian models},
  author={Vehtari, Aki and Gelman, Andrew and Gabry, Jonah},
  journal={arXiv preprint arXiv:1507.04544},
  year={2015}
}
@inproceedings{kucukelbir2015automatic,
  title={Automatic variational inference in Stan},
  author={Kucukelbir, Alp and Ranganath, Rajesh and Gelman, Andrew and Blei, David},
  booktitle={Advances in neural information processing systems},
  pages={568--576},
  year={2015}
}
@article{hoffman2014no,
  title={The No-U-turn sampler: adaptively setting path lengths in Hamiltonian Monte Carlo.},
  author={Hoffman, Matthew D and Gelman, Andrew},
  journal={Journal of Machine Learning Research},
  volume={15},
  number={1},
  pages={1593--1623},
  year={2014}
}
@article{yang2013sensitivity,
  title={Sensitivity-based uncertainty analysis of a combined travel demand model},
  author={Yang, Chao and Chen, Anthony and Xu, Xiangdong and Wong, SC},
  journal={Transportation Research Part B: Methodological},
  volume={57},
  pages={225--244},
  year={2013},
  publisher={Elsevier}
}
@article{pinjari2011modeling,
  title={Modeling the choice continuum: an integrated model of residential location, auto ownership, bicycle ownership, and commute tour mode choice decisions},
  author={Pinjari, Abdul Rawoof and Pendyala, Ram M and Bhat, Chandra R and Waddell, Paul A},
  journal={Transportation},
  volume={38},
  number={6},
  pages={933--958},
  year={2011},
  publisher={Springer}
}
@article{paleti2013integrated,
  title={Integrated model of residential location, work location, vehicle ownership, and commute tour characteristics},
  author={Paleti, Rajesh and Bhat, Chandra and Pendyala, Ram},
  journal={Transportation Research Record: Journal of the Transportation Research Board},
  number={2382},
  pages={162--172},
  year={2013},
  publisher={Transportation Research Board of the National Academies}
}
@article{bhat2011maximum,
  title={The maximum approximate composite marginal likelihood (MACML) estimation of multinomial probit-based unordered response choice models},
  author={Bhat, Chandra R},
  journal={Transportation Research Part B: Methodological},
  volume={45},
  number={7},
  pages={923--939},
  year={2011},
  publisher={Elsevier}
}
@article{konduri2011joint,
  title={Joint model of vehicle type choice and tour length},
  author={Konduri, Karthik and Ye, Xin and Sana, Bhargava and Pendyala, Ram},
  journal={Transportation Research Record: Journal of the Transportation Research Board},
  number={2255},
  pages={28--37},
  year={2011},
  publisher={Transportation Research Board of the National Academies}
}
@article{paleti2011joint,
  title={A joint tour-based model of tour complexity, passenger accompaniment, vehicle type choice, and tour length},
  author={Paleti, Rajesh and Pendyala, Ram M and Bhat, Chandra R and Konduri, Karthik C},
  journal={Technical paper, Arizona State University, Tempe, AZ},
  year={2011}
}
@article{eluru2010joint,
  title={A joint flexible econometric model system of household residential location and vehicle fleet composition/usage choices},
  author={Eluru, Naveen and Bhat, Chandra R and Pendyala, Ram M and Konduri, Karthik C},
  journal={Transportation},
  volume={37},
  number={4},
  pages={603--626},
  year={2010},
  publisher={Springer}
}
@article{bhat2016incorporating,
  title={Incorporating a multiple discrete-continuous outcome in the generalized heterogeneous data model: Application to residential self-selection effects analysis in an activity time-use behavior model},
  author={Bhat, Chandra R and Astroza, Sebastian and Bhat, Aarti C and Nagel, Kai},
  journal={Transportation Research Part B: Methodological},
  volume={91},
  pages={52--76},
  year={2016},
  publisher={Elsevier}
}
@article{train2016mixed,
  title={Mixed logit with a flexible mixing distribution},
  author={Kenneth, Train},
  journal={Choice Modelling},
  volume={19},
  pages={40--53},
  year={2016},
  publisher={Elsevier}
}
@inproceedings{cherchi2016simulation,
  title={Simulation Evaluation of Emerging Estimation Techniques for Multinomial Probit Models},
  author={Cherchi, Elisabetta and Dubey, Subodh and Daziano, Ricardo and Pinjari, Abdul R and Bhat, Chandra R},
  booktitle={Transportation Research Board 95th Annual Meeting},
  number={16-5139},
  year={2016}
}
@article{pendyala2012integrated,
  title={Integrated land use-transport model system with dynamic time-dependent activity-travel microsimulation},
  author={Pendyala, Ram and Konduri, Karthik and Chiu, Yi-Chang and Hickman, Mark and Noh, Hyunsoo and Waddell, Paul and Wang, Liming and You, Daehyun and Gardner, Brian},
  journal={Transportation Research Record: Journal of the Transportation Research Board},
  number={2303},
  pages={19--27},
  year={2012},
  publisher={Transportation Research Board of the National Academies}
}
@phdthesis{fox2009bayesian,
  title={Bayesian nonparametric learning of complex dynamical phenomena},
  author={Fox, Emily B},
  year={2009},
  school={Massachusetts Institute of Technology}
}
@article{teh2012hierarchical,
  title={Hierarchical dirichlet processes},
  author={Teh, Yee Whye and Jordan, Michael I and Beal, Matthew J and Blei, David M},
  journal={Journal of the american statistical association},
  year={2012},
  publisher={Taylor \& Francis}
}
@inproceedings{baratchi2014hierarchical,
  title={A hierarchical hidden semi-Markov model for modeling mobility data},
  author={Baratchi, Mitra and Meratnia, Nirvana and Havinga, Paul JM and Skidmore, Andrew K and Toxopeus, Bert AKG},
  booktitle={Proceedings of the 2014 ACM International Joint Conference on Pervasive and Ubiquitous Computing},
  pages={401--412},
  year={2014},
  organization={ACM}
}
@article{farrahi2014probabilistic,
  title={A probabilistic approach to mining mobile phone data sequences},
  author={Farrahi, Katayoun and Gatica-Perez, Daniel},
  journal={Personal and ubiquitous computing},
  volume={18},
  number={1},
  pages={223--238},
  year={2014},
  publisher={Springer}
}
@article{gonzalez2008understanding,
  title={Understanding individual human mobility patterns},
  author={Gonzalez, Marta C and Hidalgo, Cesar A and Barabasi, Albert-Laszlo},
  journal={Nature},
  volume={453},
  number={7196},
  pages={779--782},
  year={2008},
  publisher={Nature Publishing Group}
}
@article{widhalm2015discovering,
  title={Discovering urban activity patterns in cell phone data},
  author={Widhalm, Peter and Yang, Yingxiang and Ulm, Michael and Athavale, Shounak and Gonz{\'a}lez, Marta C},
  journal={Transportation},
  volume={42},
  number={4},
  pages={597--623},
  year={2015},
  publisher={Springer}
}
@inproceedings{paiement2015data,
  title={Data Analytics for Urban Mobility Modeling},
  author={Paiement, Jean-Francois and Yin, Mogeng and Pang, Jeff and Goodall, Colin and Skudlark, Ann and Volinsky, Chris and Pozdnoukhov, Alexei},
  booktitle={Proceedings of the 2015 Bloomberg Data for Good Exchange Conference},
  year={2015}
}
@inproceedings{jiang2015activity,
  title={Activity-based human mobility patterns inferred from mobile phone data: A case study of Singapore},
  author={Jiang, Shan and Ferreira Jr, Joseph and Gonz{\'a}lez, Marta C},
  booktitle={Int. Workshop on Urban Computing},
  year={2015}
}
@inproceedings{saeedi2016segmented,
  title={The Segmented iHMM: A Simple, Efficient Hierarchical Infinite HMM},
  author={Saeedi, Ardavan and Hoffman, Matthew and Johnson, Matthew and Adams, Ryan},
  booktitle={Proceedings of The 33rd International Conference on Machine Learning},
  pages={2682--2691},
  year={2016}
}
@inproceedings{beal2001infinite,
  title={The infinite hidden Markov model},
  author={Beal, Matthew J and Ghahramani, Zoubin and Rasmussen, Carl E},
  booktitle={Advances in neural information processing systems},
  pages={577--584},
  year={2001}
}
@article{gelman1992inference,
  title={Inference from iterative simulation using multiple sequences},
  author={Gelman, Andrew and Rubin, Donald B},
  journal={Statistical science},
  pages={457--472},
  year={1992},
  publisher={JSTOR}
}
@inbook{bishop2006pattern,
  title={Pattern recognition and machine learning},
  author={Bishop, Christopher M},
  year={2006},
  chapter=13,
  pages={618-625},
  edition=1,
  address={New York},
  publisher={Springer-Verlag}
}
@book{barber2012bayesian,
  title={Bayesian reasoning and machine learning},
  author={Barber, David},
  year={2012},
  publisher={Cambridge University Press}
}
@book{castiglione2015activity,
  title={Activity-based travel demand models: a primer},
  author={Castiglione, Joe and Bradley, Mark and Gliebe, John},
  number={SHRP 2 Report S2-C46-RR-1},
  year={2015}
}
@incollection{teh2011dirichlet,
  title={Dirichlet process},
  author={Teh, Yee Whye},
  booktitle={Encyclopedia of machine learning},
  pages={280--287},
  year={2011},
  publisher={Springer}
}
@article{sethuraman1994constructive,
  title={A constructive definition of Dirichlet priors},
  author={Sethuraman, Jayaram},
  journal={Statistica sinica},
  pages={639--650},
  year={1994},
  publisher={JSTOR}
}
@phdthesis{veeramisti2016business,
  title={A business intelligence framework for network-level traffic safety analyses},
  author={Veeramisti, Naveen Kumar},
  year={2016},
  school={University of Nevada, Las Vegas}
}
@misc{fhwa2018,
journal = {National Renewable Energy Laboratory},
title = {Map-21 Putting Performance into Action. Safety Provisions in Moving Ahead for Progress in the 21st Century (MAP-21)},
howpublished = {http://www.fhwa.dot.gov/map21/safety_overview.cfm.}},
author={Federal Highway Administration},
month = {},
year = {2018},
note = {(Accessed on 01/29/2018)}
}
@inproceedings{schrag2016probabilistic,
  title={Probabilistic Argument Maps for Intelligence Analysis: Capabilities Underway},
  author={Schrag, Robert and Wright, Edward and Kerr, Robert and Johnson, Robert and Ware, Bryan and McIntyre, Joan and Richey, Melonie and Laskey, Kathryn and Hoffman, Robert},
  booktitle={16th Workshop on Computational Models of Natural Argument},
  year={2016}
}
@inproceedings{wilson2013gaussian,
  title={Gaussian process kernels for pattern discovery and extrapolation},
  author={Wilson, Andrew and Adams, Ryan},
  booktitle={International Conference on Machine Learning},
  pages={1067--1075},
  year={2013}
}
@book{hjort2010bayesian,
  title={Bayesian nonparametrics},
  author={Hjort, Nils Lid and Holmes, Chris and M{\"u}ller, Peter and Walker, Stephen G},
  volume={28},
  year={2010},
  publisher={Cambridge University Press}
}
@phdthesis{duvenaud2014automatic,
  title={Automatic model construction with Gaussian processes},
  author={Duvenaud, David},
  year={2014},
  school={University of Cambridge}
}
@article{wilson2014covariance,
  title={Covariance kernels for fast automatic pattern discovery and extrapolation with Gaussian processes},
  author={Wilson, Andrew Gordon},
  journal={University of Cambridge},
  year={2014}
}
@inproceedings{glasser2013bridging,
  title={Bridging the gap: A pragmatic approach to generating insider threat data},
  author={Glasser, Joshua and Lindauer, Brian},
  booktitle={Security and Privacy Workshops (SPW), 2013 IEEE},
  pages={98--104},
  year={2013},
  organization={IEEE}
}
@article{lindauer2014generating,
  title={Generating Test Data for Insider Threat Detectors.},
  author={Lindauer, Brian and Glasser, Joshua and Rosen, Mitch and Wallnau, Kurt C and ExactData, L},
  journal={JoWUA},
  volume={5},
  number={2},
  pages={80--94},
  year={2014}
}
@article{gheyas2016detection,
  title={Detection and prediction of insider threats to cyber security: a systematic literature review and meta-analysis},
  author={Gheyas, Iffat A and Abdallah, Ali E},
  journal={Big Data Analytics},
  volume={1},
  number={1},
  pages={6},
  year={2016},
  publisher={BioMed Central}
}
@inproceedings{greitzer2013methods,
  title={Methods and metrics for evaluating analytic insider threat tools},
  author={Greitzer, Frank L and Ferryman, Thomas A},
  booktitle={Security and Privacy Workshops (SPW), 2013 IEEE},
  pages={90--97},
  year={2013},
  organization={IEEE}
}
@inproceedings{stoffel2013finding,
  title={Finding anomalies in time-series using visual correlation for interactive root cause analysis},
  author={Stoffel, Florian and Fischer, Fabian and Keim, Daniel A},
  booktitle={Proceedings of the Tenth Workshop on Visualization for Cyber Security},
  pages={65--72},
  year={2013},
  organization={ACM}
}
@book{neal2012bayesian,
  title={Bayesian learning for neural networks},
  author={Neal, Radford M},
  volume={118},
  year={2012},
  publisher={Springer Science \& Business Media}
}
@phdthesis{mchutchon2014nonlinear,
  title={Nonlinear modelling and control using Gaussian processes},
  author={McHutchon, Andrew and others},
  year={2014},
  school={Citeseer}
}
@inproceedings{emaasit2018simultaneous,
  title={Simultaneous Estimation of Flexible Models and Associated Hyperparameters: An Application to Activity-Duration Modeling},
  author={Emaasit, Daniel and Paz, Alexander},
  booktitle={Transportation Research Board 97th Annual Meeting. Washington DC: Transportation Research Board},
  year={2018}
}
@article{schulz2017compositional,
  title={Compositional inductive biases in function learning},
  author={Schulz, Eric and Tenenbaum, Joshua B and Duvenaud, David and Speekenbrink, Maarten and Gershman, Samuel J},
  journal={Cognitive psychology},
  volume={99},
  pages={44--79},
  year={2017},
  publisher={Elsevier}
}
@inproceedings{wilson2015human,
  title={The human kernel},
  author={Wilson, Andrew G and Dann, Christoph and Lucas, Chris and Xing, Eric P},
  booktitle={Advances in neural information processing systems},
  pages={2854--2862},
  year={2015}
}
@misc{CERT,
  author = {CERT-Division},
  title = {{Software Engineering Institute} },
  howpublished = {\url{https://www.sei.cmu.edu/about/divisions/cert/index.cfm}},
  note = {Accessed: January 30, 2018}
}
@misc{FHWA,
  author = {FHWA},
  title = {{Highway Statistics Series} },
  howpublished = {\url{https://www.fhwa.dot.gov/policyinformation/statistics.cfm}},
  note = {Accessed: January 30, 2018}
}
@book{smith2016hsip,
  title={HSIP 2016 National Summary Report},
  author={Sarah Smith},
  number={FHWA-SA-17-040},
  year={2016}
}
@article{kweon2012appropriate,
  title={Appropriate regression model types for intersections in SafetyAnalyst},
  author={Kweon, Young-Jun and Lim, In-Kyu},
  journal={Journal of Transportation Engineering},
  volume={138},
  number={10},
  pages={1250--1258},
  year={2012},
  publisher={American Society of Civil Engineers}
}
@inproceedings{yannis2011modeling,
  title={Modeling traffic fatalities in Europe},
  author={Yannis, George and Antoniou, Constantinos and Papadimitriou, Eleonora},
  booktitle={90th Annual Meeting of the Transportation Research Board, Washington, DC},
  year={2011}
}
@article{sukhai2011temporal,
  title={Temporal variations in road traffic fatalities in South Africa},
  author={Sukhai, Anesh and Jones, Andrew P and Love, Barnaby S and Haynes, Robin},
  journal={Accident Analysis \& Prevention},
  volume={43},
  number={1},
  pages={421--428},
  year={2011},
  publisher={Elsevier}
}